<record><leader>00000cas a22000007a 4500</leader><controlfield tag="001">23347523</controlfield><controlfield tag="008">910328d193319uuohuuu ne      0    0eng d</controlfield><datafield ind1=" " ind2=" " tag="010"><subfield code="a">sn 90068616 </subfield></datafield><datafield ind1=" " ind2=" " tag="040"><subfield code="a">ONP</subfield><subfield code="b">eng</subfield><subfield code="c">ONP</subfield><subfield code="d">OCLCQ</subfield><subfield code="d">OCLCF</subfield><subfield code="d">OCLCO</subfield></datafield><datafield ind1="1" ind2=" " tag="029"><subfield code="a">AU@</subfield><subfield code="b">000025876797</subfield></datafield><datafield ind1=" " ind2=" " tag="042"><subfield code="a">msc</subfield></datafield><datafield ind1=" " ind2=" " tag="043"><subfield code="a">n-us-oh</subfield></datafield><datafield ind1="0" ind2=" " tag="130"><subfield code="a">Buyers guide (Youngstown, Ohio)</subfield></datafield><datafield ind1="1" ind2="4" tag="245"><subfield code="a">The Buyers guide.</subfield></datafield><datafield ind1="3" ind2="0" tag="246"><subfield code="a">Shopping guide</subfield></datafield><datafield ind1=" " ind2=" " tag="260"><subfield code="a">Youngstown, Ohio :</subfield><subfield code="b">Ray E. Koken,</subfield><subfield code="c">1933-</subfield></datafield><datafield ind1=" " ind2=" " tag="300"><subfield code="a">v.</subfield></datafield><datafield ind1="0" ind2=" " tag="362"><subfield code="a">Vol. 3, no. 4 (Oct. 10, 1933)-</subfield></datafield><datafield ind1=" " ind2=" " tag="500"><subfield code="a">Published as: The Shopping guide, on Oct. 10, 1933.</subfield></datafield><datafield ind1=" " ind2="0" tag="651"><subfield code="a">Youngstown (Ohio)</subfield><subfield code="v">Newspapers.</subfield></datafield><datafield ind1=" " ind2="0" tag="651"><subfield code="a">Mahoning County (Ohio)</subfield><subfield code="v">Newspapers.</subfield></datafield><datafield ind1=" " ind2="7" tag="655"><subfield code="a">Newspapers.</subfield><subfield code="2">fast</subfield><subfield code="0">(OCoLC)fst01423814</subfield></datafield><datafield ind1=" " ind2="7" tag="651"><subfield code="a">Ohio</subfield><subfield code="z">Mahoning County.</subfield><subfield code="2">fast</subfield><subfield code="0">(OCoLC)fst01207166</subfield></datafield><datafield ind1=" " ind2="7" tag="651"><subfield code="a">Ohio</subfield><subfield code="z">Youngstown.</subfield><subfield code="2">fast</subfield><subfield code="0">(OCoLC)fst01213545</subfield></datafield><datafield ind1=" " ind2=" " tag="752"><subfield code="a">United States</subfield><subfield code="b">Ohio</subfield><subfield code="c">Mahoning</subfield><subfield code="d">Youngstown.</subfield></datafield><datafield ind1="0" ind2="0" tag="780"><subfield code="t">Oles shopping guide</subfield><subfield code="w">(DLC)sn 90068615</subfield></datafield></record>